@misc{virtualrealityhistory,
    author =        "Dom Barnard",
    title =         "History of VR - Timeline of Events and Tech Development",
    howpublished =  "\url{https://virtualspeech.com/blog/history-of-vr}"
}

@misc{sensoramaimage,
    howpublished = "\url{https://virtualspeech.com/img/blog/sensorama-vr-machine.jpg}"
}

@misc{swordofdamacles,
    howpublished = "\url{https://virtualspeech.com/img/blog/header/history-of-vr.jpg}"
}

@misc{vitalhelmet, 
    howpublished = "\url{https://virtualspeech.com/img/blog/VITAL-helmet-vr.jpg}"
}

@misc{nasahelmet,
    howpublished = "\url{https://virtualspeech.com/img/blog/virtual-environment-workstation-project-nasa.jpg}"
}
